@book{coding,
	author = {Alistair Moffat and Andrew Turpin},
	title = {Compression and Coding Algorithms},
	year = {2002},
	publisher = {Kluwer Academic Publishers}
},

@misc{myers,
	author = {Eugene Myers},
	title = {Recording Alignments with Trace Points},
	month = {November},
	year = {2015},
	url = {https://dazzlerblog.wordpress.com/2015/11/05/trace-points/}
},

@misc{gsa-skript,
	author = {Stefan Kurtz},
	title = {Foundations of Sequence Analysis},
	note = {Lecture notes for a course in the Wintersemester 2015/2016}
},
	
@misc{sam,
	author = "{The SAM/BAM Format Specification Group}",
	title = {Sequence Alignment/Map Format Specification},
	month = {November},
	year = {2015},
	url = {https://samtools.github.io/hts-specs/SAMv1.pdf}
}


